% @book{saturday_is_monday,
%   author    = "Стругацкий, А.Н. and Стругацкий, Б.Н.",
%   title     = "Понедельник начинается в субботу",
%   address   = "М.",
%   editor    = "Иванов",
%   publisher = "Детская литература",
%   year      = 1965,
%   language  = "russian"
% }
% @book{book:fourier,
%   title      = {Ряды и интеграл Фурье: Теория поля. Аналитические и специальные функции. Преобразование Лапласа},
%   author     = {Кожевников, Н.И. and Краснощекова, Т.И. and Шишкин, Н.Е.},
%   lccn       = {66051327},
%   series     = {Избранные главы высшей математики для инженеров и студентов втузов. Задачи и упражнения},
%   url        = {http://books.google.ru/books?id=xvXuAAAAMAAJ},
%   year       = {1964},
%   publisher  = {Наука},
%   eprint     = {http://books.google.ru/books?id=xvXuAAAAMAAJ},
%   eprinttype = {Google Books}
% }
% @online{wiki:lcd,
%   author       = "Wikipedia",
%   title        = "Наибольший общий делитель",
%   howpublished = "Википедия, свободная энциклопедия",
%   year         = 2012,
%   url          = {http://goo.gl/1eEF3},
%   urldate      = "08.04.2013",
%   language     = "russian"
% }
@online{spec:vulkan,
    title      = "Vulkan 1.1 API Specification",
    author     = "Khronos Working Group The",
    howpublished = "Khronos Registry",
    year       = 2019,
    url        = {https://www.khronos.org/registry/vulkan/specs/1.1/html/vkspec.html},
    urldate    = "10.11.2019",
    language   = "english"
}     
@online{github:corecvs,
    title      = "Computer Vision Primitives Library",
    howpublished = "github",
    url        = {https://github.com/PimenovAlexander/corecvs},
    urldate    = "11.11.2019"
}
@online{github:bsf,
    title      = "BSF Framework",
    howpublished = "github",
    url        = {https://github.com/GameFoundry/bsf},
    urldate    = "14.11.2019"
}
@online{github:ogre3d,
    title      = "Ogre3D Engine",
    howpublished = "github",
    url        = {https://github.com/OGRECave/ogre},
    urldate    = "15.11.2019"
}
@online{github:filament,
    title      = "Filament Graphics Library",
    howpublished = "github",
    url        = {https://github.com/google/filament},
    urldate    = "16.11.2019"
}
@ionline{github:qt,
    title      = "Qt Project",
    howpublished = "github",
    url        = {https://github.com/qt},
    urldate    = "10.12.2019"
}
@online{spec:opengl,
    title      = "OpenGL 4.4 Specification",
    author     = "Khronos Working Group The",
    howpublished = "Khronos Registry",
    year       = 2014,
    url        = {https://www.khronos.org/registry/OpenGL/specs/gl/glspec44.core.pdf},
    urldate    = "9.12.2019",
    language   = "english"
} 
@online{spec:spirv,
    title      = "SPIR-V 1.5 Specification",
    author     = "Khronos Working Group The",
    howpublished = "Khronos Registry",
    year       = 2018,
    url        = {https://www.khronos.org/registry/spir-v/specs/unified1/SPIRV.pdf},
    urldate    = "20.11.2019",
    language   = "english"
}  
@online{spec:glsl,
    title      = "OpenGL Shading Language 4.4 Specification",
    author     = "Khronos Working Group The",
    howpublished = "Khronos Registry",
    year       = 2016,
    url        = {https://www.khronos.org/registry/OpenGL/specs/gl/GLSLangSpec.4.40.pdf},
    urldate    = "20.11.2019",
    language   = "english"
} 
@online{spec:hlsl,
    title      = "High Level Shading Language for DirectX",
    howpublished = "Microsoft Online Documents",
    year       = 2018,
    url        = {https://docs.microsoft.com/en-us/windows/win32/direct3dhlsl/dx-graphics-hlsl},
    urldate    = "20.11.2019",
    language   = "english"
} 
@online{spec:direct3d,
    title      = "Direct3D 12 Graphics",
    howpublished = "Microsoft Online Documents",
    year       = 2018,
    url        = {https://docs.microsoft.com/ru-ru/windows/win32/direct3d12/direct3d-12-graphics?redirectedfrom=MSDN},
    urldate    = "11.12.2019",
    language   = "english"
} 
@online{spec:metal,
    title      = "Metal Programming Guide",
    howpublished = "Apple Documentation Archive",
    year       = 2018,
    url        = {https://developer.apple.com/library/archive/documentation/Miscellaneous/Conceptual/MetalProgrammingGuide/Introduction/Introduction.html},
    urldate    = "12.12.2019",
    language   = "english"
}
@online{github:glslang,
    title      = "GLSL/HLSL SPIR-V Generator",
    howpublished = "github",
    url        = {https://github.com/KhronosGroup/glslang},
    urldate    = "20.11.2019"
}
@online{wiki:celshading,
    title      = "Cel Shading",
    author     = "Wikipedia",
    howpublished = "Wikipedia, the free encyclopedia",
    language   = "english",
    url        = {https://en.wikipedia.org/wiki/Cel\_shading},
    urldate    = "9.12.2019"
} 
